@article{lions2001resolution,
  title={R{\'e}solution d'EDP par un sch{\'e}ma en temps {\guillemotleft}parar{\'e}el{\guillemotright}},
  author={Lions, Jacques-Louis and Maday, Yvon and Turinici, Gabriel},
  journal={Comptes Rendus de l'Acad{\'e}mie des Sciences-Series I-Mathematics},
  volume={332},
  number={7},
  pages={661--668},
  year={2001},
  publisher={Elsevier}
}

@article{maday2002parareal,
  title={A parareal in time procedure for the control of partial differential equations},
  author={Maday, Yvon and Turinici, Gabriel},
  journal={Comptes Rendus Mathematique},
  volume={335},
  number={4},
  pages={387--392},
  year={2002}
}