@article{maday2002parareal,
  title="A parareal in time procedure for the control of partial differential equations",
  author="Maday, Yvon and Turinici, Gabriel",
  journal="Comptes Rendus Mathematique",
  volume="335",
  number="4",
  pages="387--392",
  year="2002"
}
@article{rao2016time,
  title="A time-parallel approach to strong-constraint four-dimensional variational data assimilation",
  author="Rao, Vishwas and Sandu, Adrian",
  journal="Journal of Computational Physics",
  volume="313",
  pages="583--593",
  year="2016",
  publisher="Elsevier"
}