@article{maday2002parareal,
  title="A parareal in time procedure for the control of partial differential equations",
  author="Maday, Yvon and Turinici, Gabriel",
  journal="Comptes Rendus Mathematique",
  volume="335",
  number="4",
  pages="387--392",
  year="2002"
}
@article{rao2016time,
  title="A time-parallel approach to strong-constraint four-dimensional variational data assimilation",
  author="Rao, Vishwas and Sandu, Adrian",
  journal="Journal of Computational Physics",
  volume="313",
  pages="583--593",
  year="2016",
  publisher="Elsevier"
}
@article{rao2014adjoint,
  title="An adjoint-based scalable algorithm for time-parallel integration",
  author="Rao, Vishwas and Sandu, Adrian",
  journal="Journal of Computational Science",
  volume="5",
  number="2",
  pages="76--84",
  year="2014",
  publisher="Elsevier"
}
@misc{nocedal2006numerical,
  title={Numerical optimization 2nd},
  author={Nocedal, Jorge and Wright, Stephen J},
  year={2006},
  publisher={Springer}
}
@article{lions2001resolution,
  title={R{\'e}solution d'EDP par un sch{\'e}ma en temps {\guillemotleft}parar{\'e}el{\guillemotright}},
  author={Lions, Jacques-Louis and Maday, Yvon and Turinici, Gabriel},
  journal={Comptes Rendus de l'Acad{\'e}mie des Sciences-Series I-Mathematics},
  volume={332},
  number={7},
  pages={661--668},
  year={2001},
  publisher={Elsevier}
}